@article{ WALNI,
	  author = "H. F. Walker and P. Ni",
	  title = "Anderson acceleration for fixed-point iterations",
          journal = "SIAM J. Numer. Anal.",
	  year = "2011",
          volume = "Vol. 49",
	  number = "No. 4",
	  pages = "1715-1735" }

@book{	HW,
	author = "Ernst Hairer and Gerhard Wanner",
	title = "Solving Ordinary Differential Equations II",
	publisher = "Springer",
	series = "Springer series in computational mathematics",
	number = "14",
	edition = "second",
	year = "1991" }

@misc{  JC,
        author = "Jeff Cash",
	title = "Matlab software for Initial Value Problems",
	howpublished = "\url{http://wwwf.imperial.ac.uk/~jcash/MATLAB_software/}" }

@misc{  HAIR,
        author = "Ernst Hairer",
	title = "Testset of Stiff ODEs",
	howpublished = "\url{http://www.unige.ch/~hairer/testset/testset.html}" }

@article{ SAAD,
	  author = "HawRen Fang and Yousef Saad",
	  title = "Two classes of multisecant methods for nonlinear acceleration",
          journal = "Numer. Linear Algebra Appl.",
	  year = "2009",
          volume = "Vol. 16",
	  pages = "197-221" }

@article{ SAAD2,
	  author = "Yousef Saad and Martin H. Schultz",
	  title = "GMRES: A Generalized Minimial Residual Algorithm for Solving Nonsymmetric Linear Systems",
          journal = "SIAM J. Sci. Stat. Comput.",
	  year = "1986",
          volume = "Vol. 7",
	  number = "3",
	  pages = "856-869" }

