@inproceedings{SDH14,
  title={Probabilistic {ODE} solvers with {R}unge-{K}utta means},
  author={Schober, Michael and Duvenaud, David K and Hennig, Philipp},
  booktitle={Advances in neural information processing systems},
  pages={739--747},
  year={2014}
}

@conference{KeH16,
	title = {Active Uncertainty Calibration in {B}ayesian {ODE} Solvers},
	author = {Kersting, H. and Hennig, P.},
	booktitle = {Proceedings of the 32nd Conference on Uncertainty in Artificial Intelligence (UAI 2016)},
	pages = {309--318},
	editors = {Ihler, A. and Janzing, D.},
	publisher = {{AUAI} Press},
	year = {2016},
	url = {http://www.auai.org/uai2016/proceedings/papers/163.pdf}
}

@book{Sar13,
	title={Bayesian filtering and smoothing},
	author={S{\"a}rkk{\"a}, Simo},
	volume={3},
	year={2013},
	publisher={Cambridge University Press}
}

@Inbook{Ski92,
	author="Skilling, John",
	title="Bayesian Solution of Ordinary Differential Equations",
	year="1992",
	publisher="Springer Netherlands",
	pages="23--37",
}

@article{Stu10,
	title={Inverse problems: a {B}ayesian perspective},
	author={Stuart, Andrew M},
	journal={Acta Numerica},
	volume={19},
	pages={451--559},
	year={2010},
	publisher={Cambridge University Press}
}

@misc{COS17,
	Author = {Jon Cockayne and Chris Oates and Tim Sullivan and Mark Girolami},
	Title = {Bayesian Probabilistic Numerical Methods},
	Year = {2017},
	Eprint = {arXiv:1702.03673},
}

@article{CGS16,
	author = {Conrad, Patrick R. and Girolami, Mark and S{\"a}rkk{\"a}, Simo and Stuart, Andrew and Zygalakis, Konstantinos},
	title = {Statistical analysis of differential equations: introducing probability measures on numerical solutions},
	journal = {Stat. Comput.},
	year = {2016}
}

@misc{COS16,
	Author = {Jon Cockayne and Chris Oates and Tim Sullivan and Mark Girolami},
	Title = {Probabilistic Meshless Methods for Partial Differential Equations and Bayesian Inverse Problems},
	Year = {2016},
	Eprint = {arXiv:1605.07811},
}