@incollection{FEHMMCSMPDE,
    author = {Abdulle, Assyr},
    title = {The finite element heterogeneous multiscale method: a computational strategy for multiscale {PDE}s},
    booktitle = {Multiple scales problems in biomathematics, mechanics, physics and numerics},
    series = {GAKUTO Internat. Ser. Math. Sci. Appl.},
    volume = {31},
    pages = {133--181},
    publisher = {Gakk{\=o}tosho},
    address = {Tokyo},
    year = {2009},
    mrclass = {65N30 (35B27 65M30)},
    mrnumber = {2590959 (2011c:65250)}
}

@article {NHMORMIP,
    AUTHOR = {Abdulle, Assyr and Di Blasio, A.},
     TITLE = {Numerical homogenization and model order reduction for
              multiscale inverse problems},
   JOURNAL = {Multiscale Model. Simul.},
  FJOURNAL = {Multiscale Modeling \& Simulation. A SIAM Interdisciplinary
              Journal},
    VOLUME = {17},
      YEAR = {2019},
    NUMBER = {1},
     PAGES = {399--433},
      ISSN = {1540-3459},
   MRCLASS = {65N21 (35B27 35J25 35R30 65N30)},
  MRNUMBER = {3916947},
       DOI = {10.1137/16M1091320},
       URL = {https://doi.org/10.1137/16M1091320},
}

@unpublished{BNHMEMIP,
    author = {Abdulle, Assyr and Di Blasio, Andrea},
    title = {A {B}ayesian numerical homogenization method for elliptic multiscale inverse problems},
    note = {Submitted to SIAM UQ},
    year = {2018}
}

@article {HMM,
    AUTHOR = {Abdulle, Assyr and E, Weinan and Engquist, Bj\"{o}rn and
              Vanden-Eijnden, Eric},
     TITLE = {The heterogeneous multiscale method},
   JOURNAL = {Acta Numer.},
  FJOURNAL = {Acta Numerica},
    VOLUME = {21},
      YEAR = {2012},
     PAGES = {1--87},
      ISSN = {0962-4929},
   MRCLASS = {65-02},
  MRNUMBER = {2916381},
       DOI = {10.1017/S0962492912000025},
       URL = {https://doi.org/10.1017/S0962492912000025},
}

@article {IUMEBI,
    AUTHOR = {Calvetti, Daniela and Dunlop, Matthew and Somersalo, Erkki and
              Stuart, Andrew},
     TITLE = {Iterative updating of model error for {B}ayesian inversion},
   JOURNAL = {Inverse Problems},
  FJOURNAL = {Inverse Problems. An International Journal on the Theory and
              Practice of Inverse Problems, Inverse Methods and Computerized
              Inversion of Data},
    VOLUME = {34},
      YEAR = {2018},
    NUMBER = {2},
     PAGES = {025008, 38},
      ISSN = {0266-5611},
   MRCLASS = {62F15 (65C60)},
  MRNUMBER = {3751052},
       DOI = {10.1088/1361-6420/aaa34d},
       URL = {https://doi.org/10.1088/1361-6420/aaa34d},
}

@misc{STSOCR,
  author = {Chavan, Sameer},
  title = {Spectral theorem for symmetric operators with compact resolvent},
  note = {Lecture notes for the workshop on ``Functional Analysis and Operator Algebras" in NIT-Karnataka},
  year = {2014},
}

@book {IH,
    AUTHOR = {Cioranescu, Doina and Donato, Patrizia},
     TITLE = {An introduction to homogenization},
    SERIES = {Oxford Lecture Series in Mathematics and its Applications},
    VOLUME = {17},
 PUBLISHER = {The Clarendon Press, Oxford University Press, New York},
      YEAR = {1999},
     PAGES = {x+262},
      ISBN = {0-19-856554-2},
   MRCLASS = {35B27 (35J20 35K05 35L05 49J45 74-02 74Qxx 78M40)},
  MRNUMBER = {1765047},
MRREVIEWER = {Eugenia P\'{e}rez},
}

@book {PDE,
    AUTHOR = {Evans, Lawrence C.},
     TITLE = {Partial differential equations},
    SERIES = {Graduate Studies in Mathematics},
    VOLUME = {19},
   EDITION = {Second},
 PUBLISHER = {American Mathematical Society, Providence, RI},
      YEAR = {2010},
     PAGES = {xxii+749},
      ISBN = {978-0-8218-4974-3},
   MRCLASS = {35-01},
  MRNUMBER = {2597943},
MRREVIEWER = {Diego M. Maldonado},
       DOI = {10.1090/gsm/019},
       URL = {https://doi.org/10.1090/gsm/019},
}

@article {IEEPH,
    AUTHOR = {Griso, Georges},
     TITLE = {Interior error estimate for periodic homogenization},
   JOURNAL = {C. R. Math. Acad. Sci. Paris},
  FJOURNAL = {Comptes Rendus Math\'{e}matique. Acad\'{e}mie des Sciences. Paris},
    VOLUME = {340},
      YEAR = {2005},
    NUMBER = {3},
     PAGES = {251--254},
      ISSN = {1631-073X},
   MRCLASS = {49J45 (35B27 35J25)},
  MRNUMBER = {2123038},
       DOI = {10.1016/j.crma.2004.10.027},
       URL = {https://doi.org/10.1016/j.crma.2004.10.027},
}

@article {EKMFIP,
    AUTHOR = {Iglesias, Marco A. and Law, Kody J. H. and Stuart, Andrew M.},
     TITLE = {Ensemble {K}alman methods for inverse problems},
   JOURNAL = {Inverse Problems},
  FJOURNAL = {Inverse Problems. An International Journal on the Theory and
              Practice of Inverse Problems, Inverse Methods and Computerized
              Inversion of Data},
    VOLUME = {29},
      YEAR = {2013},
    NUMBER = {4},
     PAGES = {045001, 20},
      ISSN = {0266-5611},
   MRCLASS = {65J22 (62M20)},
  MRNUMBER = {3041539},
MRREVIEWER = {Mihail Yu. Kokurin},
       DOI = {10.1088/0266-5611/29/4/045001},
       URL = {https://doi.org/10.1088/0266-5611/29/4/045001},
}

@book {SCIP,
    AUTHOR = {Kaipio, Jari and Somersalo, Erkki},
     TITLE = {Statistical and computational inverse problems},
    SERIES = {Applied Mathematical Sciences},
    VOLUME = {160},
 PUBLISHER = {Springer-Verlag, New York},
      YEAR = {2005},
     PAGES = {xvi+339},
      ISBN = {0-387-22073-9},
   MRCLASS = {65-01 (60G60 62-01 62G05 62H12 65J22 65L09 65N21)},
  MRNUMBER = {2102218},
}

@misc{KF,
  author        = {Lacey, Tony},
  title         = {Tutorial: the {K}alman Filter},
  year          = {1998},
  chapter       = {11},
}

@incollection {MMIP,
    AUTHOR = {Nolen, James and Pavliotis, Grigorios A. and Stuart, Andrew
              M.},
     TITLE = {Multiscale modeling and inverse problems},
 BOOKTITLE = {Numerical analysis of multiscale problems},
    SERIES = {Lect. Notes Comput. Sci. Eng.},
    VOLUME = {83},
     PAGES = {1--34},
 PUBLISHER = {Springer, Heidelberg},
      YEAR = {2012},
   MRCLASS = {65N21 (76S05)},
  MRNUMBER = {3050909},
       DOI = {10.1007/978-3-642-22061-6_1},
       URL = {https://doi.org/10.1007/978-3-642-22061-6_1},
}

@book {NMDP,
    AUTHOR = {Quarteroni, Alfio},
     TITLE = {Numerical models for differential problems},
    SERIES = {MS\&A. Modeling, Simulation and Applications},
    VOLUME = {16},
      NOTE = {Third edition of [ MR3183828]},
 PUBLISHER = {Springer, Cham},
      YEAR = {2017},
     PAGES = {xvii+681},
      ISBN = {978-3-319-49315-2; 978-3-319-49316-9},
   MRCLASS = {65-02 (65Mxx 65Nxx)},
  MRNUMBER = {3702005},
       DOI = {10.1007/978-3-319-49316-9},
       URL = {https://doi.org/10.1007/978-3-319-49316-9},
}

@book {PDEA,
    AUTHOR = {Salsa, Sandro},
     TITLE = {Partial differential equations in action},
    SERIES = {Unitext},
    VOLUME = {99},
   EDITION = {Third},
      NOTE = {From modelling to theory,
              La Matematica per il 3+2},
 PUBLISHER = {Springer, [Cham]},
      YEAR = {2016},
     PAGES = {xviii+686},
      ISBN = {978-3-319-31237-8; 978-3-319-31238-5},
   MRCLASS = {35-01 (35D30 35F16 35F61 35J20 35K20 35K57 35L04)},
  MRNUMBER = {3497072},
       DOI = {10.1007/978-3-319-31238-5},
       URL = {https://doi.org/10.1007/978-3-319-31238-5},
}

@article {AEKFIP,
    AUTHOR = {Schillings, Claudia and Stuart, Andrew M.},
     TITLE = {Analysis of the ensemble {K}alman filter for inverse problems},
   JOURNAL = {SIAM J. Numer. Anal.},
  FJOURNAL = {SIAM Journal on Numerical Analysis},
    VOLUME = {55},
      YEAR = {2017},
    NUMBER = {3},
     PAGES = {1264--1290},
      ISSN = {0036-1429},
   MRCLASS = {65N21 (62F15 65N75)},
  MRNUMBER = {3654885},
MRREVIEWER = {Mansur I. Ismailov},
       DOI = {10.1137/16M105959X},
       URL = {https://doi.org/10.1137/16M105959X},
}

@article {IPBP,
    AUTHOR = {Stuart, A. M.},
     TITLE = {Inverse problems: a {B}ayesian perspective},
   JOURNAL = {Acta Numer.},
  FJOURNAL = {Acta Numerica},
    VOLUME = {19},
      YEAR = {2010},
     PAGES = {451--559},
      ISSN = {0962-4929},
   MRCLASS = {65J22 (35R25 35R30 62C10 65J20)},
  MRNUMBER = {2652785},
MRREVIEWER = {Ruben D. Spies},
       DOI = {10.1017/S0962492910000061},
       URL = {https://doi.org/10.1017/S0962492910000061},
}

@book {OTAM,
    AUTHOR = {Santambrogio, Filippo},
     TITLE = {Optimal transport for applied mathematicians},
    SERIES = {Progress in Nonlinear Differential Equations and their
              Applications},
    VOLUME = {87},
      NOTE = {Calculus of variations, PDEs, and modeling},
 PUBLISHER = {Birkh\"{a}user/Springer, Cham},
      YEAR = {2015},
     PAGES = {xxvii+353},
      ISBN = {978-3-319-20827-5; 978-3-319-20828-2},
   MRCLASS = {49-02 (35J96 49J45 49M29 58E50 90C05 90C48 91B02)},
  MRNUMBER = {3409718},
MRREVIEWER = {Luigi De Pascale},
       DOI = {10.1007/978-3-319-20828-2},
       URL = {https://doi.org/10.1007/978-3-319-20828-2},
}

@article {CAEKILNC,
    AUTHOR = {Schillings, C. and Stuart, A. M.},
     TITLE = {Convergence analysis of ensemble {K}alman inversion: the
              linear, noisy case},
   JOURNAL = {Appl. Anal.},
  FJOURNAL = {Applicable Analysis. An International Journal},
    VOLUME = {97},
      YEAR = {2018},
    NUMBER = {1},
     PAGES = {107--123},
      ISSN = {0003-6811},
   MRCLASS = {65N21 (62F15 65N75)},
  MRNUMBER = {3764752},
       DOI = {10.1080/00036811.2017.1386784},
       URL = {https://doi.org/10.1080/00036811.2017.1386784},
}

@book {RCA,
    AUTHOR = {Rudin, Walter},
     TITLE = {Real and complex analysis},
   EDITION = {Third},
 PUBLISHER = {McGraw-Hill Book Co., New York},
      YEAR = {1987},
     PAGES = {xiv+416},
      ISBN = {0-07-054234-1},
   MRCLASS = {00A05 (26-01 30-01 46-01)},
  MRNUMBER = {924157},
}
