@unpublished{AbG18,
    title = {Random time step probabilistic methods for uncertainty quantification in chaotic and geometric numerical integration},
    author = {Abdulle, Assyr and Garegnani, Giacomo},
    note = {arXiv preprint arXiv:1801.01340},
    year = {2018}
}

@unpublished{AbG19,
    title = {A posteriori probabilistic estimators for elliptic partial differential equations and inverse problems},
    author = {Abdulle, Assyr and Garegnani, Giacomo},
    note = {In preparation},
    year = {2019}
}

@article {PaS07,
	AUTHOR = {Pavliotis, G. A. and Stuart, A. M.},
	TITLE = {Parameter estimation for multiscale diffusions},
	JOURNAL = {J. Stat. Phys.},
	FJOURNAL = {Journal of Statistical Physics},
	VOLUME = {127},
	YEAR = {2007},
	NUMBER = {4},
	PAGES = {741--781},
	ISSN = {0022-4715},
	MRCLASS = {62M05 (35B27 60J60 62F10 82C70)},
	MRNUMBER = {2319851},
	MRREVIEWER = {Bernard Delyon},
	DOI = {10.1007/s10955-007-9300-6},
	URL = {https://doi.org/10.1007/s10955-007-9300-6},
}