@Article{AbG20,
	author={Abdulle, Assyr
	and Garegnani, Giacomo},
	title={Random time step probabilistic methods for uncertainty quantification in chaotic and geometric numerical integration},
	journal = {Stat. Comput.},
	fjournal = {Statistics and Computing}, 
	year={2020},
	issn={1573-1375},
	doi={10.1007/s11222-020-09926-w},
	url={https://doi.org/10.1007/s11222-020-09926-w}
}

@unpublished{AbG20b,
    title = {Probabilistic methods for partial differential equations based on random meshes},
    author = {Abdulle, Assyr and Garegnani, Giacomo},
    note = {In preparation},
    year = {2020}
}

@unpublished{AGZ19,
    title = {Ensemble {K}alman filter for multiscale inverse problems},
    author = {Abdulle, Assyr and Garegnani, Giacomo and Zanoni, Andrea},
    note = {arXiv Preprint arXiv:1908.05495},
    year = {2019}
}

@unpublished{AGP20,
    title = {Drift estimation of multiscale diffusion via filtering},
    author = {Abdulle, Assyr and Garegnani, Giacomo and Pavliotis, Griogorios A and Stuart, Andrew M and Zanoni, Andrea},
    note = {In preparation},
    year = {2020}
}

@unpublished{AbD18b,
	author = {Abdulle, Assyr and Di Blasio, Andrea},
	title = {Homogenization and multiscale methods for linear elasticity in random perforated domains},
	note = {Preprint},
	year = {2018}
}

@article{AbD19,
	author = {Abdulle, Assyr and Di Blasio, Andrea},
	title = {Numerical homogenization and model order reduction for multiscale inverse problems},
	journal = {Multiscale Model. Simul.},
	fjournal = {Multiscale Modeling \& Simulation. A SIAM Interdisciplinary Journal},
	volume = {17},
	year = {2019},
	number = {1},
	pages = {399--433},
	issn = {1540-3459},
	mrclass = {65N21 (35B27 35J25 35R30 65N30)},
	mrnumber = {3916947},
	mrreviewer = {Xi-le Zhao},
	doi = {10.1137/16M1091320},
	url = {https://doi.org/10.1137/16M1091320}
}