@misc{AbG18,
	Author = {Assyr Abdulle and Giacomo Garegnani},
	Title = {Random time step probabilistic methods for uncertainty quantification in chaotic and geometric numerical integration},
	Year = {2018},
	Eprint = {arXiv:1801.01340},
}