@article{CGS16,
    author = {Conrad, Patrick R. and Girolami, Mark and S{\"a}rkk{\"a}, Simo and Stuart, Andrew and Zygalakis, Konstantinos},
    title = {Statistical analysis of differential equations: introducing probability measures on numerical solutions},
    journal = {Stat. Comput.},
    year = {2016}
}

@article{COS17,
	author = {Jon Cockayne and Chris Oates and Tim Sullivan and Mark Girolami},
	title = {Probabilistic numerical methods for {PDE}-constrained {B}ayesian inverse problems},
	journal = {AIP Conference Proceedings},
	volume = {1853},
	number = {1},
	year = {2017}
}

@misc{AbG17,
	author = {Abdulle, Assyr and Garegnani, Giacomo},
	title = {A probabilistic {R}unge-{K}utta method based on random selection of time steps for chaotic and geometric integrations},
	year = {2017}	
}

@conference{KeH16,
	title = {Active Uncertainty Calibration in {B}ayesian {ODE} Solvers},
	author = {Kersting, H. and Hennig, P.},
	booktitle = {Proceedings of the 32nd Conference on Uncertainty in Artificial Intelligence (UAI 2016)},
	pages = {309--318},
	editors = {Ihler, A. and Janzing, D.},
	publisher = {{AUAI} Press},
	year = {2016},
}

@article {Stu10,
	AUTHOR = {Stuart, A. M.},
	TITLE = {Inverse problems: a {B}ayesian perspective},
	JOURNAL = {Acta Numer.},
	FJOURNAL = {Acta Numerica},
	VOLUME = {19},
	YEAR = {2010},
	PAGES = {451--559}
}

@misc{DaS13,
	Author = {Masoumeh Dashti and Andrew M. Stuart},
	Title = {The {B}ayesian Approach To Inverse Problems},
	Year = {2013},
	Eprint = {arXiv:1302.6989},
}